@article{darles2011survey,
  author = {Darles, Emmanuelle and Crespin, Benoît and Ghazanfarpour, Djamchid and Gonzato, Jean-Christophe},
  title = {A survey of ocean simulation and rendering techniques in computer graphics},
  journal = {Computer Graphics Forum},
  volume = {30},
  number = {1},
  pages = {43-60},
  year = {2011},
  publisher = {Blackwell Publishing Ltd},
  url = {https://www.dca.fee.unicamp.br/~leopini/DISCIPLINAS/IA367A-12012/Liquid/OceanSimulation-RenderingTechniques.pdf}
}

@inbook{bonaventura2018terrain,
  author = {Bonaventura, Xavier},
  title = {Terrain and Ocean Rendering with Hardware Tessellation},
  booktitle = {GPU Pro 360},
  pages = {83-94},
  publisher = {AK Peters/CRC Press},
  year = {2018},
  url = {https://ima.udg.edu/~xavierb/BonaventuraFDP.pdf} 
}

@inproceedings{thurey2007realtime,
  author = {Thürey, Nils and Müller-Fischer, Matthias and Schirm, Simon and Gross, Markus},
  title = {Real-time Breaking Waves for Shallow Water Simulations},
  booktitle = {15th Pacific Conference on Computer Graphics and Applications (PG'07)},
  pages = {39-46},
  year = {2007},
  url = {https://matthias-research.github.io/pages/publications/breakingWaves.pdf}
}
